@book{redbook,
 author = {Dave Shreiner and Mason Woo and Jackie Neider and Tom Davis},
 title = {OpenGL Programming Guide: The Official Guide to Learning OpenGL, Version 2},
 year = {2005},
 isbn = {032133573-2},
 publisher = {Addison-Wesley},
 }
@article{ musgrave89synthesis,
    author = "F. Kenton Musgrave and Craig E. Kolb and Robert S. Mace",
    title = "The Synthesis and Rendering of Eroded Fractal Terrains",
    journal = "Computer Graphics",
    volume = "23",
    number = "3",
    pages = "41--50",
    year = "1989",
    url = "citeseer.ist.psu.edu/musgrave89synthesis.html"
}
@InBook{texturing_and_modeling,
  author =       {David S. Ebert and F. Kenton Musgrave and Darwyn Peachey and Ken Perlin and Steven Worley},
  title =        {Texturing \& Modeling: A Procedural Approach},
  chapter =      {20 -- MOJOWORLD: Building Procedural Planets},
  publisher =    {Morgan Kaufmann},
  year =         {2003},
  pages =        {565--615}
}
@inproceedings{ prusinkiewicz93moutainswithrivers,
 author = "Przemyslaw Prusinkiewicz and Mark Hammel",
 title = "A Fractal Model of Mountains with Rivers",
 booktitle = "Proceeding of Graphics Interface '93",
 pages = "174--180",
 year = "1993",
 month = may
}
@Misc{srtm,
  author = 	 {{SRTM}},
  title = 	 {Shuttle Radar Topography Mission},
  howpublished = {\url{http://srtm.usgs.gov}},
  year =         {2005}
}
@PhdThesis{boyer,
  author = 	 {Vincent Boyer},
  title = 	 {Pour une palette graphique performante~: accélération d'algorithmes fondamentaux},
  school = 	 {Université Paris 8},
  year = 	 {2001},
  type = 	 {Thèse en Informatique},
  month = 	 jan
}
@InCollection{mandelbrot-02,
  author = 	 {Beno\^it Mandelbrot},
  title = 	 {Colliers al\'eatoires et une alternative aux promenades au hasard sans boucle: les cordonnets discrets et fractals},
  booktitle = 	 {Les Comptes Rendus de l'Acad\'emie des Sciences \`a Paris},
  pages = 	 {933--936},
  year = 	 {1978},
  volume = 	 {286},
  series = 	 {A},
  month = 	 may
}
@Unpublished{cnfsh,
  author = 	 {{C}omité {N}ational {F}rançais des {S}ciences {H}ydrologiques},
  title = 	 {Dictionnaire français d'hydrologie},
  note = 	 {Définition de Monique Dacharry et Jean Margat},
  month = 	 nov,
  year = 	 {1995}
}
@TechReport{Yap,
  author = 	 {{C. K.} Yap and {H.} Biermann and {A.} Hertzman and {C.} Li and {J.} Meyer and {H. K.} Pao and {T.} Paxia},
  title = 	 {{A} {D}ifferent {M}anhattan {P}roject~: {A}utomatic {S}tatistical {M}odel {G}eneration},
  institution =  {Courant Institute of Mathematical Sciences, New York University},
  year = 	 {1998},
  note = 	 {\url{http://www.cs.nyu.edu/visual/home/proj/manhattan}}
}

